

@misc{elenga2014linear,
  title={Linear vibration modules and linear-resonant vibration modules},
  author={Elenga, Robin and Pepin, Brian Marc and Tompkins, Glen},
  year={2014},
  month={October 14},
  publisher={Google Patents},
  note={US Patent 8,860,337}
}

@misc{elenga2018linear,
  title={Linear vibration modules and linear-resonant vibration modules},
  author={Elenga, Robin and Pepin, Brian Marc and Tompkins, Glen},
  year={2018},
  month={April 18},
  publisher={Google Patents},
  note={US Patent 9,941,830}
}

@misc{Pepin2010linear,
  title={Linear-Resonant Vibration Module},
  author={Brian Marc Pepin and Robin Elenga},
  year={2012},
  month={January 10},
  note={US Patent, 8,093,767}
  }

@misc{Izumi2005Resonant,
  title={Driving Unit},
  author={Tomohiro Izumi and Osaka-shi and Yasuo Ibuki and Hikone-shi and   Mikihiro Yamashita and Echi-gun and Hideaki Abe and Neyagawa-shi},
  year={2005},
  month={December 15},
  note={US 2005/0275294A1}
  }

@article{chen2023internal,
  title={Internal resonance vibration-based energy harvesting},
  author={Chen, Li-Qun and Fan, Yimin},
  journal={Nonlinear Dynamics},
  volume={111},
  number={13},
  pages={11703--11727},
  year={2023},
  publisher={Springer}
}
@inproceedings{challa2008high,
  title={High efficiency energy harvesting device with magnetic coupling for resonance frequency tuning},
  author={Challa, Vinod R and Prasad, MG and Fisher, Frank T},
  booktitle={Sensors and Smart Structures Technologies for Civil, Mechanical, and Aerospace Systems 2008},
  volume={6932},
  pages={1114--1125},
  year={2008},
  organization={SPIE}
}

@article{fan2022high,
  title={High-efficient internal resonance energy harvesting: Modelling and experimental study},
  author={Fan, Yimin and Ghayesh, Mergen H and Lu, Tien-Fu},
  journal={Mechanical Systems and Signal Processing},
  volume={180},
  pages={109402},
  year={2022},
  publisher={Elsevier}
}

@article{yamaguchi2014resonance,
  title={Resonance and efficiency in wireless power transfer system},
  author={Yamaguchi, Kazuya and Hirata, Takuya and Yamamoto, Yuta and Hodaka, Ichijo},
  journal={WSEAS Transactions on Circuits and Systems},
  volume={13},
  pages={218--223},
  year={2014},
  publisher={WSEAS}
}


@article{bauer2014energy,
  title={Energy efficient bipedal robots walking in resonance},
  author={Bauer, Fabian and Fidlin, Alexander and Seemann, Wolfgang},
  journal={ZAMM-Journal of Applied Mathematics and Mechanics/Zeitschrift f{\"u}r Angewandte Mathematik und Mechanik},
  volume={94},
  number={11},
  pages={968--973},
  year={2014},
  publisher={Wiley Online Library}
}




@article{kato2018characteristic,
  title={Characteristic evaluation of linear resonant actuator utilizing electrical resonance},
  author={Kato, Masayuki and Hirata, Katsuhiro},
  journal={IEEJ Journal of Industry Applications},
  volume={7},
  number={2},
  pages={175--180},
  year={2018},
  publisher={The Institute of Electrical Engineers of Japan}
}


@inproceedings{lindsay2013improving,
  title={Improving tactile feedback with an impedance adapter},
  author={Lindsay, Jack and Adams, Richard J and Hannaford, Blake},
  booktitle={2013 World Haptics Conference (WHC)},
  pages={713--718},
  year={2013},
  organization={IEEE}
}


